<?xml version="1.0" encoding="utf-8"?>
<record xmlns="http://www.loc.gov/MARC21/slim" xmlns:xsi="http://www.w3.org/2001/XMLSchema-instance" xsi:schemaLocation="http://www.loc.gov/MARC21/slim http://www.loc.gov/standards/marcxml/schema/MARC21slim.xsd">
	<leader>
		02736nam a2200469   4500
	</leader>
	<controlfield tag="001">
		001684515
	</controlfield>
	<controlfield tag="003">
		NNU
	</controlfield>
	<controlfield tag="006">
		m        d        
	</controlfield>
	<controlfield tag="007">
		cr cn |||m|||a
	</controlfield>
	<controlfield tag="008">
		151007s1908    le      ob    001 0 arard
	</controlfield>
	<datafield ind1=" " ind2=" " tag="040">
		<subfield code="a">
			NNU
		</subfield>
		<subfield code="b">
			eng
		</subfield>
		<subfield code="c">
			NNU
		</subfield>
	</datafield>
	<datafield ind1="0" ind2=" " tag="041">
		<subfield code="a">
			ara
		</subfield>
		<subfield code="a">
			eng
		</subfield>
	</datafield>
	<datafield ind1=" " ind2=" " tag="043">
		<subfield code="a">
			a-sy---
		</subfield>
	</datafield>
	<datafield ind1=" " ind2=" " tag="066">
		<subfield code="c">
			(3
		</subfield>
	</datafield>
	<datafield ind1=" " ind2=" " tag="090">
		<subfield code="a">
			DS99.D3
		</subfield>
		<subfield code="b">
			I22
		</subfield>
	</datafield>
	<datafield ind1="1" ind2=" " tag="100">
		<subfield code="6">
			880-01
		</subfield>
		<subfield code="a">
			Ibn al-Qalānisī, Abū Yaʻlá Ḥamzah ibn Asad,
		</subfield>
		<subfield code="d">
			d. 1160.
		</subfield>
	</datafield>
	<datafield ind1="1" ind2="0" tag="240">
		<subfield code="6">
			880-02
		</subfield>
		<subfield code="a">
			Dhayl tārīkh Dimashq
		</subfield>
	</datafield>
	<datafield ind1="1" ind2="0" tag="245">
		<subfield code="6">
			880-03
		</subfield>
		<subfield code="a">
			Tārīkh Abī Yaʻlá Ḥamzah Ibn al-Qalānisī
		</subfield>
		<subfield code="h">
			[electronic resource] :
		</subfield>
		<subfield code="b">
			al-maʻruf bi-Dhayl tārīkh Dimashq : tatlūhu nukhab min tawārīkh Ibn al-Azraq al-Fāriqī wa-Sibṭ Ibn al-Jawzī wa-al ḥāfiẓ al-dhahabī.
		</subfield>
	</datafield>
	<datafield ind1=" " ind2=" " tag="260">
		<subfield code="6">
			880-04
		</subfield>
		<subfield code="a">
			Bayrūt :
		</subfield>
		<subfield code="b">
			Maṭbaʻat al-Ābāʼ al-Yasūʻīyīn,
		</subfield>
		<subfield code="c">
			1908
		</subfield>
	</datafield>
	<datafield ind1=" " ind2=" " tag="300">
		<subfield code="a">
			online resource (397, 48 p.)
		</subfield>
	</datafield>
	<datafield ind1=" " ind2=" " tag="500">
		<subfield code="a">
			Romanized record.
		</subfield>
	</datafield>
	<datafield ind1=" " ind2=" " tag="500">
		<subfield code="a">
			Added title page: History of Damascus, 363-555 a.h. / by Ibn al-Qalânisi from the Bodleian Ms. Hunt.125 ; being a continuation of the history of Hilâl al-Sâbi, edited with extracts from other histories and summary of contents by H.F. Amedroz. Leyden : Brill, 1908.
		</subfield>
	</datafield>
	<datafield ind1=" " ind2=" " tag="500">
		<subfield code="a">
			Introduction and summary of contents in English.
		</subfield>
	</datafield>
	<datafield ind1=" " ind2=" " tag="500">
		<subfield code="a">
			Part of the Arabic Collections Online (ACO) project, contributed by New York Univeristy Libraries.
		</subfield>
	</datafield>
	<datafield ind1=" " ind2=" " tag="504">
		<subfield code="a">
			Includes bibliographical references and index.
		</subfield>
	</datafield>
	<datafield ind1=" " ind2=" " tag="533">
		<subfield code="a">
			Electronic reproduction.
		</subfield>
		<subfield code="b">
			New York, N.Y. :
		</subfield>
		<subfield code="c">
			New York University,
		</subfield>
		<subfield code="d">
			2015.
		</subfield>
		<subfield code="5">
			NNU
		</subfield>
	</datafield>
	<datafield ind1=" " ind2="0" tag="650">
		<subfield code="a">
			Crusades.
		</subfield>
	</datafield>
	<datafield ind1=" " ind2="0" tag="651">
		<subfield code="a">
			Damascus (Syria)
		</subfield>
		<subfield code="x">
			History.
		</subfield>
	</datafield>
	<datafield ind1="1" ind2=" " tag="700">
		<subfield code="6">
			880-05
		</subfield>
		<subfield code="a">
			Ṣābī, Hilāl ibn al-Muḥassin,
		</subfield>
		<subfield code="d">
			970-1056.
		</subfield>
		<subfield code="t">
			Tārīkh Dimashq.
		</subfield>
	</datafield>
	<datafield ind1="1" ind2=" " tag="700">
		<subfield code="a">
			Amedroz, H. F.
		</subfield>
		<subfield code="q">
			(Henry Frederick),
		</subfield>
		<subfield code="d">
			1855-1917.
		</subfield>
	</datafield>
	<datafield ind1="2" ind2=" " tag="710">
		<subfield code="a">
			New York University.
		</subfield>
		<subfield code="b">
			Libraries.
		</subfield>
	</datafield>
	<datafield ind1="0" ind2=" " tag="730">
		<subfield code="a">
			Arabic Collections Online.
		</subfield>
	</datafield>
	<datafield ind1="0" ind2=" " tag="740">
		<subfield code="a">
			History of Damascus, 363-555 a.h.
		</subfield>
	</datafield>
	<datafield ind1="0" ind2="8" tag="776">
		<subfield code="i">
			Print version:
		</subfield>
		<subfield code="a">
			Ibn al-Qalānisī, Abū Yaʻlá Ḥamzah ibn Asad, d. 1160.
		</subfield>
		<subfield code="t">
			Tārīkh Abī Yaʻlá Ḥamzah Ibn al-Qalānisī
		</subfield>
		<subfield code="w">
			(NNU)001684515
		</subfield>
	</datafield>
	<datafield ind1="4" ind2="0" tag="856">
		<subfield code="u">
			http://hdl.handle.net/2333.1/rxwdbvtn
		</subfield>
	</datafield>
	<datafield ind1="1" ind2=" " tag="880">
		<subfield code="6">
			100-01/
		</subfield>
		<subfield code="a">
			ابن القلانسي، أبو يعلى حمزة بن أسد.
		</subfield>
	</datafield>
	<datafield ind1="1" ind2="0" tag="880">
		<subfield code="6">
			240-02/
		</subfield>
		<subfield code="a">
			ذيل تاريخ دمشق
		</subfield>
	</datafield>
	<datafield ind1="1" ind2="0" tag="880">
		<subfield code="6">
			245-03/
		</subfield>
		<subfield code="a">
			تاريخ أبي يعلى حمزة ابن القلانسي :
		</subfield>
		<subfield code="b">
			المعروف بذيل تاريخ دمشق : تتلوه نخب من تواريخ ابن الازرق الفارقي وسبط ابن الجوزي والحافظ الذهبي.
		</subfield>
	</datafield>
	<datafield ind1=" " ind2=" " tag="880">
		<subfield code="6">
			260-04/
		</subfield>
		<subfield code="a">
			بيروت :
		</subfield>
		<subfield code="b">
			مطبعة الآباء اليسوعيين،
		</subfield>
		<subfield code="c">
			1908.
		</subfield>
	</datafield>
	<datafield ind1="1" ind2=" " tag="880">
		<subfield code="6">
			700-05/
		</subfield>
		<subfield code="a">
			صابي، هلال بن المحسن.
		</subfield>
		<subfield code="t">
			تاريخ دمشق.
		</subfield>
	</datafield>
	<datafield ind1=" " ind2=" " tag="959">
		<subfield code="a">
			NNU
		</subfield>
		<subfield code="b">
			WEB
		</subfield>
		<subfield code="c">
			GENI
		</subfield>
		<subfield code="t">
			0
		</subfield>
		<subfield code="m">
			Electronic access
		</subfield>
		<subfield code="s">
			01
		</subfield>
	</datafield>
	<datafield ind1=" " ind2=" " tag="999">
		<subfield code="i">
			NNU_001684515
		</subfield>
		<subfield code="s">
			nyu_aco001352
		</subfield>
		<subfield code="e">
			(ERROR-880)
		</subfield>
	</datafield>
</record>
